@online{wiki_neural,
    author    = "Wikipedia",
    title     = "Artificial neural network",
    url       = "https://en.wikipedia.org/wiki/Artificial_neural_network",
    keywords  = "neural, network, artificial"
}

@online{tensorflow,
	author    = "Tensorflow",
	title     = "TensorFlow is an Open Source Software Library for Machine Intelligence",
	url       = "https://www.tensorflow.org/",
	keywords  = "tensorflow"
}

@online{cudnn,
	author    = "NVIDIA",
	title     = "NVIDIA cuDNN - GPU Accelerated Deep Learning",
	url       = "https://developer.nvidia.com/cudnn",
	keywords  = "cudnn, nvidia"
}

@online{caffe,
	author    = "BVLC",
	title     = "Caffe",
	url       = "http://caffe.berkeleyvision.org/",
	keywords  = "caffe"
}

@online{mnist,
	author    = "Yann LeCun",
	title     = "THE MNIST DATABASE of handwritten digits",
	url       = "http://yann.lecun.com/exdb/mnist/",
	keywords  = "mnist, lecun"
}